@article{goossens93,
    author    = "Michel Goossens and Frank Mittlebach and Alexander Samarin",
    title     = "The LaTeX Companion",
    year      = "1993",
    publisher = "Addison-Wesley",
    address   = "Reading, Massachusetts"
}
@article{elkan08,
    author    = "Charles Elkan and Keith Noto",
    title     = "Learning Classifiers from only Positive and Unlabeled Data",
    year      = "2008",
    publisher = "KDD'08",
}